% This file was created with JabRef 2.10.
% Encoding: UTF-8


@Misc{digpres:2013,
  Title                    = {JPEG Image Encoding Family},
  HowPublished             = {\url{http://www.digitalpreservation.gov/formats/fdd/fdd000017.shtml}},
  Year                     = {2013},

  Owner                    = {roman},
  Timestamp                = {2015.05.21}
}

